<?xml version="1.0" encoding="UTF-8"?><record xmlns="http://www.loc.gov/MARC21/slim" xmlns:cinclude="http://apache.org/cocoon/include/1.0" xmlns:zs="http://www.loc.gov/zing/srw/">
  <leader>00402cz  a2200121n  4500</leader>
  <controlfield tag="001">n  91030141 </controlfield>
  <controlfield tag="003">DLC</controlfield>
  <controlfield tag="005">19910327090908.5</controlfield>
  <controlfield tag="008">910327n| acannaab|          |n ana |||  </controlfield>
  <datafield tag="010" ind1=" " ind2=" ">
    <subfield code="a">n  91030141 </subfield>
  </datafield>
  <datafield tag="040" ind1=" " ind2=" ">
    <subfield code="a">DLC</subfield>
    <subfield code="c">DLC</subfield>
    <subfield code="d">DLC</subfield>
  </datafield>
  <datafield tag="110" ind1="2" ind2="0">
    <subfield code="a">MaĘťdabaĚ Plains Project (Jordan)</subfield>
  </datafield>
  <datafield tag="670" ind1=" " ind2=" ">
    <subfield code="a">Madaba Plains Project, c1989:</subfield>
    <subfield code="b">p. xi (facilitator of the project was Adnan Abdul-Karim Hadidi; sr. proj. dir. was L.T. Geraty)</subfield>
  </datafield>
</record>